@inproceedings{lu2016visual,
  title={Visual Relationship Detection with Language Priors},
  author={Lu, Cewu and Krishna, Ranjay and Bernstein, Michael and Fei-Fei, Li},
  booktitle={European Conference on Computer Vision},
  year={2016}
}

@article{Dai2017DetectingVR,
  title={Detecting Visual Relationships with Deep Relational Networks},
  author={Bo Dai and Yuqi Zhang and Dahua Lin},
  journal={2017 IEEE Conference on Computer Vision and Pattern Recognition (CVPR)},
  year={2017},
  pages={3298-3308}
}
@article{VisualPhrases,
 author = {Sadeghi, Mohammad Amin and Farhadi, Ali},
 title = {Recognition using Visual Phrases}, 
 conferense = {Computer Vision and Pattern Recognition (CVPR)},
 year = {2011},
}

@incollection{NIPS2012_4824,
title = {ImageNet Classification with Deep Convolutional Neural Networks},
author = {Alex Krizhevsky and Sutskever, Ilya and Hinton, Geoffrey E},
booktitle = {Advances in Neural Information Processing Systems 25},
editor = {F. Pereira and C. J. C. Burges and L. Bottou and K. Q. Weinberger},
pages = {1097--1105},
year = {2012},
publisher = {Curran Associates, Inc.},
url = {http://papers.nips.cc/paper/4824-imagenet-classification-with-deep-convolutional-neural-networks.pdf}
}

@article{detectionRelationships,
 author = {Noel Mizzi},
 title = {A Study on the Detection of Visual Relationships}, 
 year = {2018},
}

@Article{Simonyan14c,
    author       = "Simonyan, K. and Zisserman, A.",
    title        = "Very Deep Convolutional Networks for Large-Scale Image Recognition",
    journal      = "CoRR",
    volume       = "abs/1409.1556",
    year         = "2014"
}

@incollection{NIPS2015_5638,
title = {Faster R-CNN: Towards Real-Time Object Detection with Region Proposal Networks},
author = {Ren, Shaoqing and He, Kaiming and Girshick, Ross and Sun, Jian},
booktitle = {Advances in Neural Information Processing Systems 28},
editor = {C. Cortes and N. D. Lawrence and D. D. Lee and M. Sugiyama and R. Garnett},
pages = {91--99},
year = {2015},
publisher = {Curran Associates, Inc.},
url = {http://papers.nips.cc/paper/5638-faster-r-cnn-towards-real-time-object-detection-with-region-proposal-networks.pdf}
}
@ARTICLE{6471714, 
author={M. {Zhang} and Z. {Zhou}}, 
journal={IEEE Transactions on Knowledge and Data Engineering}, 
title={A Review on Multi-Label Learning Algorithms}, 
year={2014}, 
volume={26}, 
number={8}, 
pages={1819-1837}, 
keywords={learning (artificial intelligence);multilabel learning algorithms;instance learning;machine learning paradigm;formal definition;evaluation metrics;learning settings;Training;Correlation;Supervised learning;Semantics;Machine learning algorithms;Algorithm design and analysis;Vectors;Computing Methodologies;Artificial Intelligence;Learning;Information Technology and Systems;Database Management;Database Applications;Data mining;Multi-label learning;label correlations;problem transformation;algorithm adaptation}, 
doi={10.1109/TKDE.2013.39}, 
ISSN={1041-4347}, 
month={Aug},
}

@inproceedings{belz-etal-2018-spatialvoc2k,
    title = "{S}patial{VOC}2{K}: A Multilingual Dataset of Images with Annotations and Features for Spatial Relations between Objects",
    author = "Belz, Anja  and
      Muscat, Adrian  and
      Anguill, Pierre  and
      Sow, Mouhamadou  and
      Vincent, Gaetan  and
      Zinessabah, Yassine",
    booktitle = "Proceedings of the 11th International Conference on Natural Language Generation",
    month = nov,
    year = "2018",
    address = "Tilburg University, The Netherlands",
    publisher = "Association for Computational Linguistics",
    url = "https://www.aclweb.org/anthology/W18-6516",
    pages = "140--145",
    abstract = "We present the first multilingual image",
}

@article{AM,
  author    = {Zhuwei Qin and
               Fuxun Yu and
               Chenchen Liu and
               Xiang Chen},
  title     = {How convolutional neural network see the world - {A} survey of convolutional
               neural network visualization methods},
  journal   = {CoRR},
  volume    = {abs/1804.11191},
  year      = {2018}
}