@proceedings{{lu2016visual,
  title={Visual Relationship Detection with Language Priors},
  author={Lu, Cewu and Krishna, Ranjay and Bernstein, Michael and Fei-Fei, Li},
  booktitle={European Conference on Computer Vision},
  year={2016}
}
